<record><leader>00000nas a2200000 i 4500</leader><controlfield tag="001">927103544</controlfield><controlfield tag="006">m     o  d        </controlfield><controlfield tag="007">cr |||||||||||</controlfield><controlfield tag="008">151028d18681876lauwr neo     0   a0eng  </controlfield><datafield ind1=" " ind2=" " tag="010"><subfield code="a">  2015270568</subfield></datafield><datafield ind1=" " ind2=" " tag="040"><subfield code="a">DLC</subfield><subfield code="b">eng</subfield><subfield code="e">rda</subfield><subfield code="c">DLC</subfield></datafield><datafield ind1="0" ind2=" " tag="022"><subfield code="a">2381-6597</subfield><subfield code="2">1</subfield></datafield><datafield ind1=" " ind2=" " tag="042"><subfield code="a">pcc</subfield><subfield code="a">nsdp</subfield></datafield><datafield ind1=" " ind2=" " tag="043"><subfield code="a">n-us-la</subfield></datafield><datafield ind1="1" ind2="0" tag="050"><subfield code="a">ISSN RECORD</subfield></datafield><datafield ind1="0" ind2="0" tag="082"><subfield code="a">071</subfield><subfield code="2">23</subfield></datafield><datafield ind1="0" ind2=" " tag="130"><subfield code="a">Weekly echo (Lake Charles, La. : 1868)</subfield></datafield><datafield ind1=" " ind2="4" tag="222"><subfield code="a">The weekly echo</subfield><subfield code="b">(Lake Charles, La. 1868. Online)</subfield></datafield><datafield ind1="1" ind2="4" tag="245"><subfield code="a">The weekly echo.</subfield></datafield><datafield ind1=" " ind2="1" tag="264"><subfield code="a">Lake Charles, Parish of Calcasieu, La. :</subfield><subfield code="b">B. Hutchins,</subfield><subfield code="c">1868-1876.</subfield></datafield><datafield ind1=" " ind2=" " tag="300"><subfield code="a">1 online resource</subfield></datafield><datafield ind1=" " ind2=" " tag="310"><subfield code="a">Weekly</subfield></datafield><datafield ind1=" " ind2=" " tag="336"><subfield code="a">text</subfield><subfield code="b">txt</subfield><subfield code="2">rdacontent</subfield></datafield><datafield ind1=" " ind2=" " tag="337"><subfield code="a">computer</subfield><subfield code="b">c</subfield><subfield code="2">rdamedia</subfield></datafield><datafield ind1=" " ind2=" " tag="338"><subfield code="a">online resource</subfield><subfield code="b">cr</subfield><subfield code="2">rdacarrier</subfield></datafield><datafield ind1="1" ind2=" " tag="362"><subfield code="a">Began with vol. I, no. 1 (Feb. 15, 1868); ceased with vol. VIII, no. 12 (May 25, 1876).</subfield></datafield><datafield ind1=" " ind2=" " tag="515"><subfield code="a">Suspended June 11, 1870-Feb. 16, 1871.</subfield></datafield><datafield ind1=" " ind2=" " tag="588"><subfield code="a">Description based on: Vol. I, no. 1 (Feb. 15, 1868); title from masthead (Chroniclingamerica.loc.gov, viewed October 28, 2015).</subfield></datafield><datafield ind1=" " ind2=" " tag="588"><subfield code="a">Latest issue consulted: Vol. VIII, no. 12 (May 25, 1876) (Chroniclingamerica.loc.gov, viewed October 28, 2015).</subfield></datafield><datafield ind1=" " ind2="0" tag="651"><subfield code="a">Lake Charles (La.)</subfield><subfield code="v">Newspapers.</subfield></datafield><datafield ind1=" " ind2="7" tag="651"><subfield code="a">Louisiana</subfield><subfield code="z">Lake Charles.</subfield><subfield code="2">fast</subfield><subfield code="0">(OCoLC)fst01209444</subfield></datafield><datafield ind1=" " ind2="7" tag="655"><subfield code="a">Newspapers.</subfield><subfield code="2">fast</subfield><subfield code="0">(OCoLC)fst01423814</subfield></datafield><datafield ind1=" " ind2=" " tag="752"><subfield code="a">United States</subfield><subfield code="b">Louisiana</subfield><subfield code="c">Calcasieu</subfield><subfield code="d">Lake Charles.</subfield></datafield><datafield ind1="0" ind2="8" tag="776"><subfield code="i">Originally issued in print:</subfield><subfield code="t">Weekly echo (Lake Charles, La. : 1868)</subfield><subfield code="x">2381-6589</subfield><subfield code="w">(DLC)sn 85034325</subfield><subfield code="w">(OCoLC)12654106</subfield></datafield><datafield ind1="0" ind2="0" tag="785"><subfield code="t">Lake Charles echo</subfield></datafield><datafield ind1="4" ind2="0" tag="856"><subfield code="u">http://www.loc.gov/chroniclingamerica/lccn/sn85034325/issues</subfield></datafield></record>